@misc{latex,
  author = {Overleaf, Online LaTeX Editor},
  howpublished = {\url{https://fr.overleaf.com}},
  title = {Introduction Ã  LaTex},
  url = {https://fr.overleaf.com}
}

@misc{GoogleScholar,
    author = {Google Scholar},  
    howpublished = {\url{https://scholar.google.com/}},
    url = {https://scholar.google.com/}
}

@misc{springInitializr,
  author = {Spring Boot initialzr,},
  howpublished = {\url{https://start.spring.io/}},
  url = {https://start.spring.io/}
}

@misc{angular,
  author = {Tutoriels Angular},
  howpublished = {\url{https://angular.io/tutorial}},
  url = {https://angular.io/tutorial}
}

@misc{AngularMaterial,
  author = {Documentation Material Design Angular},
  howpublished = {\url{https://material.angular.io/}},
  url = {https://material.angular.io/}
}

@misc{springBoot,
  author = {Guide Spring Boot},
  howpublished = {\url{https://docs.spring.io/spring-boot/docs/current/reference/htmlsingle/}},
  url = {https://docs.spring.io/spring-boot/docs/current/reference/htmlsingle/}
}

@misc{springDataJPA,
  author = {Spring Data JPA},
  howpublished = {\url{https://docs.spring.io/spring-data/jpa/docs/1.5.0.RELEASE/reference/html/repositories.html}},
  url = {https://docs.spring.io/spring-data/jpa/docs/1.5.0.RELEASE/reference/html/repositories.html}
}

@misc{flyway,
  author = {Documentation Flyway Migrations},
  howpublished = {\url{https://documentation.red-gate.com/fd/migrations-184127470.html}},
  url = {https://documentation.red-gate.com/fd/migrations-184127470.html}
}

@misc{BaseH2,
  author = {Documentation Base H2},
  howpublished = {\url{https://apero-tech.fr/utiliser-une-base-h2-avec-springboot/}},
  url = {https://apero-tech.fr/utiliser-une-base-h2-avec-springboot/}
}

